@book{an0,
author = {S. Eilers, E. Hansen, T. G. Madsen},
booktitle = {Indledende Matematisk Analyse},
edition = {12.},
language = {dan},
title = {Indledende Matematisk Analyse},
year = {2021},
}

@book{an1,
author = {S. Eilers, M. Christiandl, H. Schlichtkrull},
booktitle = {Analyse 1},
edition = {5.},
language = {dan},
title = {Analyse 1},
year = {2023},
}

@book{tl,
author = {T. Lindstr√∏m},
booktitle = {Kalkulus},
edition = {4.},
language = {norsk},
title = {Kalkulus},
year = {2016},
}
